<?xml version="1.0" encoding="UTF-8"?><record xmlns="http://www.loc.gov/MARC21/slim" xmlns:cinclude="http://apache.org/cocoon/include/1.0" xmlns:zs="http://www.loc.gov/zing/srw/">
  <leader>00424nz  a2200121n  4500</leader>
  <controlfield tag="001">n  84133983 </controlfield>
  <controlfield tag="003">DLC</controlfield>
  <controlfield tag="005">19850214171114.9</controlfield>
  <controlfield tag="008">850107n| acannaab|          |n aaa ||| c</controlfield>
  <datafield tag="010" ind1=" " ind2=" ">
    <subfield code="a">n  84133983 </subfield>
  </datafield>
  <datafield tag="040" ind1=" " ind2=" ">
    <subfield code="a">DGPO</subfield>
    <subfield code="c">DLC</subfield>
    <subfield code="d">DLC</subfield>
  </datafield>
  <datafield tag="100" ind1="1" ind2="0">
    <subfield code="a">Powell, F. D.</subfield>
  </datafield>
  <datafield tag="670" ind1=" " ind2=" ">
    <subfield code="a">Study of effects of fuel properties in turbine-powered business aircraft, 1984:</subfield>
    <subfield code="b">t.p. (F.D. Powell, Simmonds Precision, Instrument Systems Division, Vergennes, Vermont)</subfield>
  </datafield>
</record>